@inproceedings{diwan_tbaa,
	Author = {Amer Diwan and Kathryn S. McKinley and J. Eliot B. Moss},
	Bibsource = {DBLP, http://dblp.uni-trier.de},
	Booktitle = {PLDI},
	Ee = {http://doi.acm.org/10.1145/277650.277670},
	Pages = {106-117},
	Title = {Type-Based Alias Analysis},
	Year = {1998}
}

@inproceedings{steensgaard,
	Author = {Bjarne Steensgaard},
	Pages = {32--41},
	Title = {Points-to Analysis in Almost Linear Time},
	Year = {1996}
}

@book{kasjanov_translators,
	Author = {{\relax Касьянов, В. Н.} and
            {\relax Поттосин, И. В.}},
	Publisher = {Новосибирск: Наука},
	Title = {Методы построения трансляторов},
	Year = {1986}
}

@inproceedings{hind_pointer_analysis_not_solved_yet,
  author    = {Michael Hind},
  title     = {Pointer analysis: haven't we solved this problem yet?},
  booktitle = {PASTE},
  year      = {2001},
  pages     = {54-61},
  ee        = {http://doi.acm.org/10.1145/379605.379665},
  crossref  = {DBLP:conf/paste/2001},
  bibsource = {DBLP, http://dblp.uni-trier.de}
}

@phdthesis{andersen,
    author = {Andersen, Lars O.},
    title = {Program Analysis and Specialization
             for the C Programming Language},
    school = {Department of Computer Science, University of Copenhagen},
    year = {1994}
}

